@article{Silver:2016hl,
author = {{Silver, D} and {Huang, A} and {Maddison, C J} and {Guez, A} and {Sifre, L}},
title = {{Mastering the game of Go with deep neural networks and tree search}},
journal = {Nature},
year = {2016},
volume = {529},
number = {7587},
pages = {484--489}
}
@book{russelartificial,
  title={Artificial Intelligence: A Modern Approach, 2003},
  author={Russel, Stuart and Norvig, Peter},
  journal={EUA: Prentice Hall}
}
